<record><leader>00000cas a2200000 a 4500</leader><controlfield tag="001">11763230</controlfield><controlfield tag="008">850305d18501863vtuwr ne      0    0eng c</controlfield><datafield ind1=" " ind2=" " tag="010"><subfield code="a">sn 85038103 </subfield></datafield><datafield ind1=" " ind2=" " tag="040"><subfield code="a">NPY</subfield><subfield code="b">eng</subfield><subfield code="c">NPY</subfield><subfield code="d">DLC</subfield><subfield code="d">NVN</subfield><subfield code="d">OCL</subfield><subfield code="d">NVN</subfield><subfield code="d">OCLCQ</subfield><subfield code="d">OCLCF</subfield><subfield code="d">OCLCO</subfield></datafield><datafield ind1="1" ind2=" " tag="029"><subfield code="a">AU@</subfield><subfield code="b">000025790065</subfield></datafield><datafield ind1=" " ind2=" " tag="042"><subfield code="a">pcc</subfield></datafield><datafield ind1=" " ind2=" " tag="043"><subfield code="a">n-us-vt</subfield></datafield><datafield ind1="0" ind2="0" tag="050"><subfield code="a">Newspaper 9952</subfield></datafield><datafield ind1="0" ind2="0" tag="245"><subfield code="a">Bellows Falls argus.</subfield></datafield><datafield ind1=" " ind2=" " tag="260"><subfield code="a">Bellows Falls [Vt.] :</subfield><subfield code="b">Hiram Atkins</subfield></datafield><datafield ind1=" " ind2=" " tag="300"><subfield code="a">v. :</subfield><subfield code="b">ill. (chiefly advertisements) ;</subfield><subfield code="c">62-70 cm.</subfield></datafield><datafield ind1=" " ind2=" " tag="310"><subfield code="a">Weekly</subfield></datafield><datafield ind1="1" ind2=" " tag="362"><subfield code="a">Began in 1850; ceased in Jan. 1863.</subfield><subfield code="z">Cf. Gregory, W. Amer. newspapers.</subfield></datafield><datafield ind1=" " ind2=" " tag="515"><subfield code="a">Has occasional supplements.</subfield></datafield><datafield ind1=" " ind2=" " tag="580"><subfield code="a">Merged with: Vermont patriot and State gazette to form: Argus and patriot.</subfield></datafield><datafield ind1=" " ind2=" " tag="588"><subfield code="a">Description based on: Vol. 4 no. 1 (Dec. 29, 1853) = whole no. 157.</subfield></datafield><datafield ind1=" " ind2="0" tag="651"><subfield code="a">Bellows Falls (Vt.)</subfield><subfield code="v">Newspapers.</subfield></datafield><datafield ind1=" " ind2="7" tag="655"><subfield code="a">Newspapers.</subfield><subfield code="2">fast</subfield><subfield code="0">(OCoLC)fst01423814</subfield></datafield><datafield ind1=" " ind2="7" tag="651"><subfield code="a">Vermont</subfield><subfield code="z">Bellows Falls.</subfield><subfield code="2">fast</subfield><subfield code="0">(OCoLC)fst01222430</subfield></datafield><datafield ind1=" " ind2=" " tag="752"><subfield code="a">United States</subfield><subfield code="b">Vermont</subfield><subfield code="c">Windham</subfield><subfield code="d">Bellows Falls.</subfield></datafield><datafield ind1="0" ind2="5" tag="780"><subfield code="t">Republican standard (Bellows Falls, Vt.)</subfield><subfield code="w">(DLC)sn 84027760</subfield></datafield><datafield ind1="1" ind2="7" tag="785"><subfield code="t">Vermont patriot and State gazette</subfield><subfield code="w">(DLC)sn 84023215</subfield><subfield code="w">(OCoLC)10815694</subfield></datafield><datafield ind1="1" ind2="7" tag="785"><subfield code="t">Argus and patriot</subfield><subfield code="w">(DLC)sn 84023216</subfield><subfield code="w">(OCoLC)10839844</subfield></datafield></record>